<?xml version="1.0" encoding="UTF-8"?><record xmlns="http://www.loc.gov/MARC21/slim" xmlns:cinclude="http://apache.org/cocoon/include/1.0" xmlns:zs="http://www.loc.gov/zing/srw/">
  <leader>00324nz  a2200121n  4500</leader>
  <controlfield tag="001">n  94049561 </controlfield>
  <controlfield tag="003">DLC</controlfield>
  <controlfield tag="005">19940524161534.6</controlfield>
  <controlfield tag="008">940523n| acannaab|          |n aaa |||  </controlfield>
  <datafield tag="010" ind1=" " ind2=" ">
    <subfield code="a">n  94049561 </subfield>
  </datafield>
  <datafield tag="040" ind1=" " ind2=" ">
    <subfield code="a">DLC</subfield>
    <subfield code="c">DLC</subfield>
  </datafield>
  <datafield tag="100" ind1="1" ind2="0">
    <subfield code="a">Bradbury, David T.</subfield>
  </datafield>
  <datafield tag="670" ind1=" " ind2=" ">
    <subfield code="a">His Atlas 1890 Nottinghamshire, 1989:</subfield>
    <subfield code="b">verso t.p. (David T. Bradbury)</subfield>
  </datafield>
</record>